@BOOK{ latexgraphicscompanion2nd,
  AUTHOR =    {Michel Goossens and Frank Mittelbach and Sebastian Rahtz
               and Denis Roegel and Herbert Voss},
  TITLE =     {{\LaTeX} Graphics Companion},
  PUBLISHER = {Addison-Wesley},
  YEAR =      {2007},
  MONTH =     {aug},
  EDITION =   {Edition 2},
  PAGES =     {976},
  ISBN =      {0-321-50892-0},
}

@BOOK{druha,
  AUTHOR =    {Kim Sang-Hong},
  TITLE =     {Electric Motor Control {\TeX}},
  PUBLISHER = {Elsevier Science and Technology},
  ADDRESS =   {Amsterdam},
  EDITION =   {Edition 1},
  YEAR =      {2017},
  ISBN =      {9780128123195},
}

@BOOK{ElektrotechnikaI,
  AUTHOR =    {Antonín Blahovec},
  TITLE =     {Elektrotechnika I},
  PUBLISHER = {INFORMATORIUM, spol. s.r.o.},
  ADDRESS =   {M. Pujmanové 1219/8, 140 00 Praha 4},
  EDITION =   {Páté vydání},
  YEAR =      {2005},
  ISBN =      {80-7333-043-1},
}

@BOOK{PMMT,
  AUTHOR =    {Jacek F. Gieras and Mitchell Wing},
  TITLE =     {Permanent Magnet Motor Technology: Design and Applications},
  PUBLISHER = {Dekker},
  ADDRESS =   {New York},
  EDITION =   {Edition 2},
  YEAR =      {2002},
  ISBN =      {0-8247-0739-7},
}

@BOOK{drives,
  AUTHOR =    {Austin Hughes},
  TITLE =     {Electric Motors and Drives},
  PUBLISHER = {Newnes},
  ADDRESS =   {Oxford},
  EDITION =   {Edition 3},
  YEAR =      {2006},
  PAGES =     {410},
  ISBN =      {0-7506-4718-3},
}





